923 1413
197 89 319 100 conannrinius
329 89 389 100 sexsus
399 93 409 96 -
419 89 440 100 un
451 89 583 100 coucurtscnnru
708 86 737 101 107

39 128 85 145 inm:
98 129 140 150 qnia
152 128 199 145 enim
211 128 274 144 bonum
288 128 383 149 quaeritur,
396 127 434 144 ideo
447 128 533 144 refutatur
544 128 643 150 oppositum
651 128 714 145 mnium
724 135 738 145 n.

39 155 117 177 Insuper
129 155 277 176 eoncupiscentia,
289 155 307 171 in
315 156 408 176 praesente
416 155 520 176 quaestione
529 154 551 171 de
557 155 597 171 eius
605 154 674 171 influxu
686 155 704 171 in
711 160 738 172 vo-

38 182 142 202 luntariuniy
155 183 173 198 ut
184 182 219 198 iam
232 181 297 198 dictum
310 183 341 202 est,
354 182 428 198 sumitur
440 186 475 198 non
487 182 573 198 strictiore
586 186 639 198 sensu
657 187 689 204 pro
701 182 738 198 solo

37 208 120 231 appetita
132 208 172 226 boni
181 207 271 229 sensibilis,
283 208 316 225 sed
328 213 380 225 sensu
394 208 455 225 latiore
468 213 499 230 pro
511 208 585 230 quolibet
593 208 639 225 motu
652 208 738 231 appetitus

38 235 133 256 sensibilis,
145 241 177 252 sen
189 240 220 258 pro
232 235 307 257 qualibet
316 234 396 258 passione
407 235 460 252 huius
472 236 566 257 appetitus,
579 237 596 252 et
608 239 695 257 quotenus
709 241 739 257 ge-

38 263 117 279 neratim
129 265 156 279 est
170 270 176 277 ι
187 264 243 279 motus
255 263 362 284 appetitivae
374 263 443 279 virtutis
456 262 550 282 sensibilis,
565 263 595 284 qni
607 264 634 279 est
646 267 668 279 ex
679 263 739 284 imagi-

38 290 113 306 natione
125 289 166 306 boni
178 289 207 306 vel
219 289 261 305 mali
271 296 284 305 ι.
297 289 314 306 S.
326 289 358 306 Th.
370 288 385 305 3.
397 289 418 305 D.
430 288 456 305 26.
469 294 485 310 q.
499 289 513 305 l.
525 294 540 305 a.
556 289 570 306 1.

86 316 102 332 8.
114 316 198 336 Quaestio
210 316 266 338 primo
279 315 317 332 loco
330 317 415 332 movetur:
428 317 486 332 utrum
494 316 638 337 coucupiscentia
646 318 706 332 onuset
715 317 738 332 in·

38 343 171 360 voluntarium?
184 352 204 355 ·—
217 342 364 365 Concupiscentia
375 348 410 359 non
422 344 484 359 causat
495 342 636 359 involuntarium.
645 342 689 359 Nam
700 348 738 359 con·

38 370 152 392 cupisceutis
163 369 196 386 hoo
208 370 267 391 potins
278 369 325 390 iacit,
334 369 381 391 quod
390 369 456 391 aliquid
467 370 490 386 sit
498 369 621 389 voluntarium,
629 374 682 391 quain
691 369 738 391 quod

38 397 63 413 sit
76 396 218 413 involuntarium.
238 403 245 411 ι
255 396 323 413 Dicitur
341 397 387 413 euim
404 396 471 418 aliquid
489 396 611 417 voluntarium,
624 401 646 413 ex
658 401 679 413 eo
691 396 738 418 quod

24 424 27 427 ’
37 423 123 440 voluntas
136 424 153 439 iu
166 423 184 439 id
195 423 256 440 fertur.
269 423 303 439 Per
315 423 476 445 concupiscentiam
488 425 547 439 autem
555 423 636 440 voluntas
644 423 739 440 inclinatur

37 450 62 467 ad
75 450 172 467 volendum
184 450 207 471 id,
219 450 267 472 qnod
279 450 388 472 concupiscit
401 457 415 466 ›,
427 450 444 467 S.
458 450 490 467 Th*
504 450 518 466 1.
530 450 546 466 2.
558 455 575 472 q.
587 449 602 466 6.
614 455 630 466 a.
644 450 659 467 7,

84 477 101 495 9.
113 477 262 499 Concupiscentia
271 478 329 494 autem
342 477 377 493 alin
388 478 415 494 est
423 476 535 497 sntecedens,
544 477 579 493 alis
587 479 614 493 est
623 482 738 499 consequens.

38 505 74 521 Illa
86 504 161 521 liberum
173 504 269 521 voluntatis
280 505 340 521 actum
352 503 445 524 antecedit,
458 505 475 520 et
487 505 615 525 consequenter
627 509 674 521 merc
690 506 738 520 uatu-

38 531 102 548 rniitsr
113 531 204 548 excitatur.
216 531 253 547 Ista
263 530 337 547 liberum
346 530 441 547 voluntatis
449 532 508 547 actum
516 531 635 552 consequitur.
643 531 677 547 Iila
685 530 738 548 trahit

38 560 57 575 et
69 558 143 574 inclinat
155 558 241 574 rationem
253 559 271 574 et
282 558 395 574 voiuntatem.
408 557 444 574 Ista
456 562 478 574 ex
492 557 581 574 voluntate
596 557 686 574 redundat.
705 558 738 574 Illa

38 584 140 601 voluntaria
151 586 230 605 nonest,
243 585 276 601 ista
289 584 389 601 voluntaria
400 586 427 601 est
438 584 467 601 vel
479 584 496 600 in
505 589 530 605 se,
538 584 554 601 ei
566 589 605 601 eam
623 584 704 601 voluntas
716 590 738 601 ex

38 611 128 628 industria
140 611 182 628 velit
194 614 211 628 et
223 612 297 631 excitem
309 611 338 627 vel
349 612 367 627 in
379 616 438 631 causa,
450 611 466 627 si
474 611 577 627 naturaiiter
585 616 607 627 ex
615 611 671 628 libero
679 611 738 628 vulnu-

38 639 81 655 tatis
93 640 134 655 actu
146 638 224 655 resultet,
238 646 245 653 ι
255 638 349 660 Appetitns
361 638 463 658 sensitivns,
475 639 500 654 ait
514 638 526 654 S
538 638 570 655 Th.
580 638 594 654 1.
602 638 618 655 2.
626 643 642 660 q.
655 638 680 655 77.
693 644 708 655 a.
716 638 737 659 6.,

38 667 98 688 potest
110 670 129 682 se
141 665 207 682 habere
219 665 242 681 ad
254 665 328 681 liberum
341 665 432 681 arbitrium
444 666 462 682 et
471 665 597 682 antecedenter
606 667 624 682 et
632 670 738 687 consequen-

38 694 71 710 ter.
84 692 216 709 Antecedentor
227 692 304 714 quidum,
316 692 413 709 secuudum
425 692 472 714 quod
484 692 544 714 passio
556 693 646 714 appetitus
658 693 737 709 sensitivi

38 719 94 736 trahit
106 719 134 736 vel
146 719 219 736 inclinat
231 719 316 735 rationem
329 719 357 735 vel
369 719 482 736 voluntatem.
494 719 627 741 Consequenter
639 722 702 740 autem,
713 725 738 736 se-

38 746 118 763 cundnm
130 746 177 768 quod
185 747 242 762 motus
250 746 361 768 superiorum
370 746 438 766 virium,
447 746 462 763 si
474 747 509 762 sint
517 746 631 763 vehementes
639 746 738 763 redundant

38 774 56 790 in
70 773 168 790 inferiores.
181 773 220 790 Non
232 773 278 789 enirn
296 774 354 795 potest
371 773 451 790 voluntas
469 773 537 790 intense
549 774 617 790 moveri
629 774 647 789 in
665 773 737 795 aliquid,

38 801 83 822 qniu
95 801 182 817 excitetur
193 800 253 821 aliqua
265 800 325 822 passio
337 800 354 816 in
366 800 445 822 appetitu
455 800 539 817 sensitivo
550 806 563 817 ι,
572 800 634 816 Potest
646 805 687 822 ergo
699 805 737 817 con·

38 827 159 849 cupiscientia
171 827 223 843 simui
235 831 275 843 esse
288 826 395 843 antecedens
404 828 421 843 et
429 831 549 848 cousequens;
561 827 668 844 antecedens
680 827 697 843 in
710 828 736 843 sui

38 855 90 871 initio
103 856 120 870 et
132 858 243 875 consequens
255 854 272 870 in
285 854 312 870 sui
324 854 460 872 continuatione.
473 855 561 875 quatenus
577 858 640 876 nempe
653 854 678 870 iili
690 859 737 871 nece<

38 881 64 898 dit
77 881 172 898 voluntatis
184 885 286 901 cousensus,
298 885 338 897 eam
350 880 415 897 fovens.
429 880 472 897 Oura
485 882 543 897 autem
552 881 696 902 eoncupiscentia
709 885 737 897 ns-

38 911 79 925 tura
91 913 124 925 sna
136 907 159 924 ad
172 909 232 924 sctum
244 912 314 930 semper
322 907 394 924 inclinet
403 909 420 924 et
429 907 514 929 impellat,
523 907 572 924 nulia
580 909 607 924 est
619 907 737 924 consideratio

38 937 56 952 et
68 935 158 952 distinctio
170 935 325 956 concupiscentiae
337 935 427 951 causantis
439 936 456 951 et
468 935 608 951 concomitantis.

86 961 111 979 10.
124 962 270 984 Concupiscentia
282 961 380 978 antecedens
393 962 455 978 minuit
468 961 584 978 voluntarium
596 964 633 978 tum
643 962 661 978 in
669 962 737 978 ratione

38 988 138 1009 voluntarii,
150 990 186 1005 tuin
199 989 217 1005 in
229 989 297 1005 ratione
315 988 369 1005 imeri.
387 988 445 1008 Quare
460 990 515 1009 actusy
527 993 549 1005 ex
561 993 582 1005 ea
599 988 702 1010 procedens,
715 993 736 1005 eo

38 1017 98 1033 minus
110 1016 218 1032 voluntarius
230 1017 257 1032 est
269 1015 302 1032 sub
314 1017 389 1037 utraque
401 1016 474 1036 ratione,
488 1020 523 1037 quo
535 1016 591 1038 tnagis
602 1015 633 1032 illa
645 1017 672 1032 est
684 1016 737 1032 inten-

38 1044 81 1060 sior.
94 1043 144 1059 Ratio
158 1042 186 1059 l.··
199 1048 215 1064 p.
228 1044 259 1063 est,
272 1043 314 1064 quia
326 1044 376 1059 actus
393 1043 467 1059 eatenus
481 1045 507 1059 est
520 1042 630 1063 voluntarius,
649 1044 736 1064 qnatenus

38 1072 66 1086 est
78 1075 89 1085 a
102 1069 188 1091 principio
200 1070 300 1085 intrinseco.
313 1069 366 1091 Atqui
378 1069 521 1091 coucupiscentia
535 1069 635 1086 extrinseca
652 1069 736 1085 voluntati

38 1099 71 1113 est,
84 1096 130 1118 Ergo
142 1098 192 1112 actus
204 1101 226 1112 ex
238 1096 276 1112 eius
288 1096 364 1118 impulsu
377 1096 474 1118 procedens
486 1096 544 1113 minus
556 1096 665 1113 voluntarius
680 1098 707 1113 est
718 1097 736 1112 in

39 1124 108 1140 ratione
120 1119 219 1140 volunln'ril'.
232 1123 278 1139 Hinc
290 1122 308 1139 S.
320 1122 351 1140 Th.
366 1123 380 1139 1.
392 1122 407 1140 2.
420 1128 436 1144 q.
449 1122 476 1139 77.
489 1128 504 1140 α,
516 1122 531 1139 6.
549 1122 572 1139 ad
584 1122 599 1140 3.
613 1123 677 1144 inquit:
692 1130 699 1137 ‹
708 1123 736 1139 Di·

39 1149 121 1170 cendum,
134 1149 181 1171 qnod
194 1150 227 1166 etsi
239 1151 296 1166 molus
308 1149 403 1166 voluntatis
415 1150 438 1166 sit
450 1150 535 1166 intensior
547 1155 569 1166 ex
581 1150 663 1171 passione
675 1150 736 1166 incita-

39 1179 77 1193 tus:
89 1181 123 1193 non
137 1178 195 1193 tamen
207 1177 231 1193 ita
243 1178 270 1193 eet
282 1176 376 1193 voluntatis
388 1177 476 1198 proprius,
489 1177 534 1193 sicut
546 1177 561 1193 si
573 1176 611 1193 sole
623 1177 690 1193 ratione
702 1182 736 1193 mo-

39 1206 112 1220 veretur
123 1203 146 1220 ad
158 1203 267 1225 peccandum
277 1210 290 1220 ι.
303 1203 325 1220 Et
336 1204 359 1220 ib.
367 1204 385 1220 in
394 1208 417 1220 o.:
427 1210 434 1217 ι
445 1204 498 1220 Actus
507 1204 524 1220 in
533 1205 599 1220 tentum
609 1205 636 1220 est
645 1205 736 1225 peccatum

39 1231 57 1247 in
70 1232 155 1252 qnantum
168 1232 194 1247 est
206 1230 320 1251 voluntarius,
332 1232 349 1247 et
360 1231 378 1247 in
391 1231 441 1247 nobis
453 1231 535 1247 existens.
544 1230 587 1247 Esse
597 1232 655 1247 eutem
668 1230 736 1252 aliquid

40 1258 56 1274 iu
70 1258 121 1274 nobis
133 1257 197 1274 dieitur
210 1262 241 1279 per
252 1258 337 1274 rationem
350 1259 367 1274 et
381 1257 493 1274 voluntatem.
511 1257 562 1274 Unde
580 1259 644 1279 quanto
662 1258 706 1274 ratio
718 1259 736 1274 et
